@book{DesignPatterns, 
	title={Design Patterns. Elements of Reusable Object-Oriented Software.},
	author={Erich Gamma and Richard Helm and Ralph E. Johnson and John Vlissides}, 
	year={1997},
	month={7},
	publisher={Prentice Hall}, 
	language={english}
}

@online{microsoft, 
	title={Remote Procedure Call â€“ RPC},
	author={Prof. Dr. Stephan Euler},
	url={https://docs.microsoft.com/de-de/previous-versions/dn151205(v=technet.10)},
	note={abgerufen am 03.10.2021}
}